<?xml version="1.0" encoding="UTF-8"?><record xmlns="http://www.loc.gov/MARC21/slim" xmlns:cinclude="http://apache.org/cocoon/include/1.0" xmlns:zs="http://www.loc.gov/zing/srw/">
  <leader>00507cz  a2200121n  4500</leader>
  <controlfield tag="001">n 2001106646</controlfield>
  <controlfield tag="003">DLC</controlfield>
  <controlfield tag="005">20140821155123.0</controlfield>
  <controlfield tag="008">010502n| azannaabn          |n aaa      </controlfield>
  <datafield tag="010" ind1=" " ind2=" ">
    <subfield code="a">n 2001106646</subfield>
  </datafield>
  <datafield tag="040" ind1=" " ind2=" ">
    <subfield code="a">DLC</subfield>
    <subfield code="b">eng</subfield>
    <subfield code="c">DLC</subfield>
    <subfield code="d">DLC</subfield>
    <subfield code="e">rda</subfield>
  </datafield>
  <datafield tag="100" ind1="1" ind2=" ">
    <subfield code="a">Brinson, Susan L.,</subfield>
    <subfield code="d">1958-</subfield>
  </datafield>
  <datafield tag="670" ind1=" " ind2=" ">
    <subfield code="a">Brinson, Susan L. Personal and public interests, 2001:</subfield>
    <subfield code="b">CIP t.p. (Susan L. Brinson) data sheet (b. 02-04-58) pub. data (assoc. prof. of communication at Auburn Univ.; teaches broadcast history, media law, and gender communication)</subfield>
  </datafield>
</record>